<?xml version="1.0"?>
<marc:records xmlns:marc="http://www.loc.gov/MARC21/slim" xmlns:xsi="http://www.w3.org/2001/XMLSchema-instance" xsi:schemaLocation="http://www.loc.gov/MARC21/slim http://www.loc.gov/standards/marcxml/schema/MARC21slim.xsd">
  <marc:record>
    <marc:leader>11835ctc a2201333Ia 4500</marc:leader>
    <marc:controlfield tag="001">9958279783503681</marc:controlfield>
    <marc:controlfield tag="005">20211011114818.0</marc:controlfield>
    <marc:controlfield tag="008">120919q15861760paub          000 0 ita d</marc:controlfield>
    <marc:datafield ind1=" " ind2=" " tag="035">
  <marc:subfield code="a">(OCoLC)ocn810278560</marc:subfield>
</marc:datafield>
    <marc:datafield ind1=" " ind2=" " tag="035">
  <marc:subfield code="a">(OCoLC)810278560</marc:subfield>
</marc:datafield>
    <marc:datafield ind1=" " ind2=" " tag="035">
  <marc:subfield code="a">(PU)5827978-penndb-Voyager</marc:subfield>
</marc:datafield>
    <marc:datafield ind1=" " ind2=" " tag="040">
  <marc:subfield code="a">PAULM</marc:subfield>
  <marc:subfield code="c">PAULM</marc:subfield>
  <marc:subfield code="e">amremm</marc:subfield>
  <marc:subfield code="d">PAULM</marc:subfield>
</marc:datafield>
    <marc:datafield ind1="0" ind2=" " tag="041">
  <marc:subfield code="a">ita</marc:subfield>
  <marc:subfield code="a">lat</marc:subfield>
</marc:datafield>
    <marc:datafield ind1=" " ind2=" " tag="049">
  <marc:subfield code="a">PAUM</marc:subfield>
</marc:datafield>
    <marc:datafield ind1=" " ind2=" " tag="079">
  <marc:subfield code="a">ocn810279838</marc:subfield>
</marc:datafield>
    <marc:datafield ind1=" " ind2="9" tag="099">
  <marc:subfield code="a">LJS 177</marc:subfield>
</marc:datafield>
    <marc:datafield ind1="0" ind2="0" tag="245">
  <marc:subfield code="a">Paludi Ponti[ne]</marc:subfield>
  <marc:subfield code="h">[manuscript] ;</marc:subfield>
  <marc:subfield code="b">visita delle strade di Roma.</marc:subfield>
</marc:datafield>
    <marc:datafield ind1=" " ind2=" " tag="260">
  <marc:subfield code="a">[Italy,</marc:subfield>
  <marc:subfield code="c">ca. 1586-1760]</marc:subfield>
</marc:datafield>
    <marc:datafield ind1=" " ind2=" " tag="300">
  <marc:subfield code="a">356 leaves :</marc:subfield>
  <marc:subfield code="b">parchment and paper ;</marc:subfield>
  <marc:subfield code="c">275 x 205 mm. bound to 292 x 215 mm. (with fold-out documents and maps up to 427 x 600 mm.) +</marc:subfield>
  <marc:subfield code="e">1 note.</marc:subfield>
</marc:datafield>
    <marc:datafield ind1=" " ind2=" " tag="500">
  <marc:subfield code="a">Ms. codex.</marc:subfield>
</marc:datafield>
    <marc:datafield ind1=" " ind2=" " tag="500">
  <marc:subfield code="a">Title from spine.</marc:subfield>
</marc:datafield>
    <marc:datafield ind1=" " ind2=" " tag="500">
  <marc:subfield code="a">Foliation:  Paper, i + 356 + i; printed items have individual signatures and some have pagination; items are numbered in pencil, with later numbers not always corresponding to this record.</marc:subfield>
</marc:datafield>
    <marc:datafield ind1=" " ind2=" " tag="500">
  <marc:subfield code="a">Script:  Written in cursive script by many hands.</marc:subfield>
</marc:datafield>
    <marc:datafield ind1=" " ind2=" " tag="500">
  <marc:subfield code="a">Decoration:  2 engraved maps of the Pontine Marshes (f. 145r, 333r), 1 of Roman aqueducts (f. 184r).</marc:subfield>
</marc:datafield>
    <marc:datafield ind1=" " ind2=" " tag="500">
  <marc:subfield code="a">Binding:  18th-century parchment, lacking one pair of ties out of 2, title Paludi Pontine, visita delle strade di Roma and shelf number 142 in ink on spine.</marc:subfield>
</marc:datafield>
    <marc:datafield ind1=" " ind2=" " tag="500">
  <marc:subfield code="a">Origin:  Written in Italy, mostly in Rome, between 1586 and 1760.</marc:subfield>
</marc:datafield>
    <marc:datafield ind1="0" ind2=" " tag="505">
  <marc:subfield code="a">1. f.1r-1v: [18th-century table of contents for groups of documents]</marc:subfield>
</marc:datafield>
    <marc:datafield ind1="0" ind2=" " tag="505">
  <marc:subfield code="a">2. f.3r-4v: [Italian manuscript regarding the marshes dated 1586]</marc:subfield>
</marc:datafield>
    <marc:datafield ind1="0" ind2=" " tag="505">
  <marc:subfield code="a">3. f.5r-8v: Privilegii che desiderano li bonificatori delle Paludi Pontine.</marc:subfield>
</marc:datafield>
    <marc:datafield ind1="0" ind2=" " tag="505">
  <marc:subfield code="a">4. f.9r: Quando la commenda di [?] ad instigatione ...</marc:subfield>
</marc:datafield>
    <marc:datafield ind1="0" ind2=" " tag="505">
  <marc:subfield code="a">5. f.11r-12v: Relatione ... della bonificatione, 1594.</marc:subfield>
</marc:datafield>
    <marc:datafield ind1="0" ind2=" " tag="505">
  <marc:subfield code="a">6. f.13r-14v: Mario Macealli, dottor di leggi, nelle cause della bonificatione delle Paludi Pontine, 1589.</marc:subfield>
</marc:datafield>
    <marc:datafield ind1="0" ind2=" " tag="505">
  <marc:subfield code="a">7. f.15r-15v: [Manuscript copy of Latin letter to Flaminio Piatti (Cardinal Platto), after 1591]</marc:subfield>
</marc:datafield>
    <marc:datafield ind1="0" ind2=" " tag="505">
  <marc:subfield code="a">8. f.16r-16v: Fabius Ursinus ... in negocio bonificationis paludum Pontinarum, 1587</marc:subfield>
</marc:datafield>
    <marc:datafield ind1="0" ind2=" " tag="505">
  <marc:subfield code="a">9. f.18r-19v: [Italian letter to a cardinal concerning Giovanni Battista Garzoni and the reclamation of the marshes, after 1582]</marc:subfield>
</marc:datafield>
    <marc:datafield ind1="0" ind2=" " tag="505">
  <marc:subfield code="a">10. f.20r-20v: [Latin official document on parchment with signature and seal of Flaminio Piatti (Cardinal Plato) concerning the reclamation of the marshes, 1604]</marc:subfield>
</marc:datafield>
    <marc:datafield ind1="0" ind2=" " tag="505">
  <marc:subfield code="a">11. f.21r-26r: [Accounts and records of the reclamation in Italian]</marc:subfield>
</marc:datafield>
    <marc:datafield ind1="0" ind2=" " tag="505">
  <marc:subfield code="a">12. f.28r-92v: Istoria antica, e moderna:  stato presente, rimedi, e mezzia disseccar le Paludi Pontine: utile pubblico, e privato a derivarne, [after 1742]</marc:subfield>
</marc:datafield>
    <marc:datafield ind1="0" ind2=" " tag="505">
  <marc:subfield code="a">13. f.95r-144v: Memorie dell'antico, e presente stato delle Paludi Pontine: rimedi, mezzi per disseccarle a pubblico, e privato vantaggio; opera / di Emerico Bolognini, governatore generale di marittima, e campagna [printed in Rome:  Eredi Barbiellini a Pasquino, 1759]</marc:subfield>
</marc:datafield>
    <marc:datafield ind1="0" ind2=" " tag="505">
  <marc:subfield code="a">14. f.145r: Pianta delle Paludi Pontine / ordinata da monsignore illustrissimo e reverendissimo Emerico Bolognini, governatore generale di marittima, e campagna, 1759 [printed foldout map laid in]</marc:subfield>
</marc:datafield>
    <marc:datafield ind1="0" ind2=" " tag="505">
  <marc:subfield code="a">15. f.146r-169v: [Unidentified printed work in Italian and Latin against the cutting of the forests of Cisterna and Sermoneta, between the Pontine Marshes and Rome, ca. 1715]</marc:subfield>
</marc:datafield>
    <marc:datafield ind1="0" ind2=" " tag="505">
  <marc:subfield code="a">16. f.170r-174v: [Unidentified printed collection of 7 15th-century papal bulls in Latin concerning Cisterna and Sermoneta and 2 edicts in Italian concerning the cutting of forests]</marc:subfield>
</marc:datafield>
    <marc:datafield ind1="0" ind2=" " tag="505">
  <marc:subfield code="a">17. f.176r-183v: [2 printed works in Italian, containing reports and accounts concerning the delivery of water to Rome, printed in Rome: Stamperia della Rev. Camera Apostolica, 1695]</marc:subfield>
</marc:datafield>
    <marc:datafield ind1="0" ind2=" " tag="505">
  <marc:subfield code="a">18. f.184r: Planta del nuovo aquedotto che conduce l'acqua civita vechia fabricato in parte sopra la ruuine dell'antico construtto da Traiano imperatore / Cintius Florus, Alexander Specchi, [printed foldout map, between 1691 and 1700]</marc:subfield>
</marc:datafield>
    <marc:datafield ind1="0" ind2=" " tag="505">
  <marc:subfield code="a">19. f.185r-188r: Bando generale delli signori mastri di strade [printed in Rome: Stamperia della Rev. Camera Apostolica, 1681, with manuscript note, Maestri delle strade consolari, visita, 1681, laid in]</marc:subfield>
</marc:datafield>
    <marc:datafield ind1="0" ind2=" " tag="505">
  <marc:subfield code="a">20. f.189v-190v: Obligho di Pietro Antonio Leone, 1682</marc:subfield>
</marc:datafield>
    <marc:datafield ind1="0" ind2=" " tag="505">
  <marc:subfield code="a">21. f.191r-196v: Romana taxae viarum: Resolutio [printed in Rome:  Typis Reverendae Camerae Apostolicae, 1678]</marc:subfield>
</marc:datafield>
    <marc:datafield ind1="0" ind2=" " tag="505">
  <marc:subfield code="a">22. f.197r-199r: Nota dell'augumento fa&#x300; la tabella de casali [accounts]</marc:subfield>
</marc:datafield>
    <marc:datafield ind1="0" ind2=" " tag="505">
  <marc:subfield code="a">23. f.200r-212r: [Street inspection reports, many signed by architects Pietro Andrea Bufalini Tomasso Zanoli], 1686.</marc:subfield>
</marc:datafield>
    <marc:datafield ind1="0" ind2=" " tag="505">
  <marc:subfield code="a">24. f.214r-215v: [Letter from the residents of Strada Baccina to the Monsignor Presidente delle Strade, undated]</marc:subfield>
</marc:datafield>
    <marc:datafield ind1="0" ind2=" " tag="505">
  <marc:subfield code="a">25. f.216r-217v: [Letter in Latin from Petrus Grossus and Joseph Chiorrius to the Viarum Praesidi, undated]</marc:subfield>
</marc:datafield>
    <marc:datafield ind1="0" ind2=" " tag="505">
  <marc:subfield code="a">26. f.218r-219r: [Brief records of meetings held 11 June and 2 July 1686]</marc:subfield>
</marc:datafield>
    <marc:datafield ind1="0" ind2=" " tag="505">
  <marc:subfield code="a">27. f.221r-232v: [Undated letter and summarium (accounts, latest date 1686) from Christoforo Cappellone to the Congregatione delle Strade]</marc:subfield>
</marc:datafield>
    <marc:datafield ind1="0" ind2=" " tag="505">
  <marc:subfield code="a">28. f.233r: Editto che si nettano le case, cantine, e strade dall'acque, &amp; immonditie del fiume [printed edict from Pietro Millini, Maestro di Strade, and others], 1686.</marc:subfield>
</marc:datafield>
    <marc:datafield ind1="0" ind2=" " tag="505">
  <marc:subfield code="a">29. f.234r: [Manuscript document concerning the Maestri di Strade, undated]</marc:subfield>
</marc:datafield>
    <marc:datafield ind1="0" ind2=" " tag="505">
  <marc:subfield code="a">30. f.236r-236v: [Manuscript report concerning walls, signed by Pietro Millini, Maestro di Strade], 1686.</marc:subfield>
</marc:datafield>
    <marc:datafield ind1="0" ind2=" " tag="505">
  <marc:subfield code="a">31. f.238r-239v: Romana taxa extra Portam S. Ioannis in Laterano / Congregatione Viarum, 1684.</marc:subfield>
</marc:datafield>
    <marc:datafield ind1="0" ind2=" " tag="505">
  <marc:subfield code="a">32. f.240r-241v: [Letter from Onofrio Colorossi to Pietro Mollini, Maestro delle Strade, undated]</marc:subfield>
</marc:datafield>
    <marc:datafield ind1="0" ind2=" " tag="505">
  <marc:subfield code="a">33. f.242r-245v: Capitoli sopra lo spurgo della citta di Roma [undated]</marc:subfield>
</marc:datafield>
    <marc:datafield ind1="0" ind2=" " tag="505">
  <marc:subfield code="a">34. f.246r-253v: Capitoli sopra l'appalto delle strade dentro Roma [undated]</marc:subfield>
</marc:datafield>
    <marc:datafield ind1="0" ind2=" " tag="505">
  <marc:subfield code="a">35. f.254r-263r: [Street inspection reports, later ones signed by architects Pietro Andrea Bufalini and Tomasso Zanoli], 1683, 1686.</marc:subfield>
</marc:datafield>
    <marc:datafield ind1="0" ind2=" " tag="505">
  <marc:subfield code="a">36. f.265r-266v: [Letter from the padroni delle vigne di Roma (owners of vineyards) to Pietro Mellini, Maestro di Strade, internal date of 1684]</marc:subfield>
</marc:datafield>
    <marc:datafield ind1="0" ind2=" " tag="505">
  <marc:subfield code="a">37. f.267r-306v: [Street inspection reports, some addressed to Pietro Millini and some signed by architects Pietro Andrea Bufalini and Tomasso Zanoli], 1685-1686.</marc:subfield>
</marc:datafield>
    <marc:datafield ind1="0" ind2=" " tag="505">
  <marc:subfield code="a">38. f.307r: [Title page for Secondo ragionamento / di Monsignor Propspero Lambertini, avvocato concistoriale, nel quale oltre alcune nuove ragioni s'espongono all Sacra Congregationae deputata le repliche alla risposta del Sig. Gioseppe Cappuccini sopra il taglio delle Macchie di Sermoneta, e Cisterna, printed in 1715; possibly the title page for Item 15]</marc:subfield>
</marc:datafield>
    <marc:datafield ind1="0" ind2=" " tag="505">
  <marc:subfield code="a">39. f.308r-332v: Risposta al ragionamento di Monsignor Lambertini sopra il taglio delle macchie di Sermoneta, e Cisterna / Giuseppe Cappucini [printed in Palestrina:  Stamperia Barberina per Gio. Domenico Masci, 1715]</marc:subfield>
</marc:datafield>
    <marc:datafield ind1="0" ind2=" " tag="505">
  <marc:subfield code="a">40. f.333r: [Printed map showing the Paludi Pontine / Giovanni Maria Lancisi, 1717]</marc:subfield>
</marc:datafield>
    <marc:datafield ind1="0" ind2=" " tag="505">
  <marc:subfield code="a">41. f.334r-352r: [4 printed Italian texts on Sermoneta and Cisterna], 1714-1715</marc:subfield>
</marc:datafield>
    <marc:datafield ind1="0" ind2=" " tag="505">
  <marc:subfield code="a">42. f.353r-356v: Memoriale [printed report in Italian concerning Sermoneta and Cisterna], 1714.</marc:subfield>
</marc:datafield>
    <marc:datafield ind1="4" ind2=" " tag="510">
  <marc:subfield code="a">Described in Transformation of knowledge:  early manuscripts from the collection of Lawrence J. Schoenberg (London: Paul Holberton, 2006),</marc:subfield>
  <marc:subfield code="c">p. 153 (LJS 177).</marc:subfield>
</marc:datafield>
    <marc:datafield ind1=" " ind2=" " tag="520">
  <marc:subfield code="a">Large, mid-18th-century compilation of records on 2 subjects:  first, manuscript and printed texts on the reclamation (bonificazione) of the Pontine Marshes (Paludi Pontine) and the cutting of the forests of Sermoneta and Cisterna di Latina, and second, mostly manuscript records of the Maestri delle Strade or Congregazione delle Strade, the municipal body in charge of the streets of Rome, and particularly of Pietro Millini, one of the Maestri delle Strade.  The materials on the Pontine Marshes range from 16th-century manuscripts (f. 3r-19v), to 3 engraved maps from the late 17th and 18th centuries (f. 145r, 184r, 333r), to substantial printed texts from the 18th century.  2 texts printed ca. 1715, which present arguments about the cutting of the forests of Sermoneta and Cisterna di Latina, have parchment finding tabs (f. 146r, 307r) that correspond to a partial table of contents at the beginning of the volume (f. 1r-1v), which notes that the 2 items are related.  The records of the Maestri delle Strade are a group of late 17th-century manuscripts in the middle of the volume (f. 185r-306v) including correspondence, reports of street inspections (many signed by the architects Pietro Andrea Bufalini and Tomasso Zanoli), and a single printed edict (f. 233r).</marc:subfield>
</marc:datafield>
    <marc:datafield ind1=" " ind2=" " tag="524">
  <marc:subfield code="a">LJS 177</marc:subfield>
</marc:datafield>
    <marc:datafield ind1=" " ind2=" " tag="546">
  <marc:subfield code="a">Italian and Latin.</marc:subfield>
</marc:datafield>
    <marc:datafield ind1="1" ind2=" " tag="561">
  <marc:subfield code="a">Several component items formerly owned by Pietro Millini; the volume formerly in the archives of the Millini, a noble family of Rome (Kraus), and in the Colonna Biblioteca (Phillipps).</marc:subfield>
</marc:datafield>
    <marc:datafield ind1="1" ind2=" " tag="561">
  <marc:subfield code="a">Formerly owned by Frederick North, Earl of Guilford; sold at auction at Messrs. Evans (London) as part of his collection, 8 Dec. 1830, lot 289, vol. 16, to bookseller Thomas Thorpe.</marc:subfield>
</marc:datafield>
    <marc:datafield ind1="1" ind2=" " tag="561">
  <marc:subfield code="a">Sold by Thorpe to Sir Thomas Phillipps, ms. 7636 (label on spine).</marc:subfield>
</marc:datafield>
    <marc:datafield ind1="1" ind2=" " tag="561">
  <marc:subfield code="a">Sold as part of the residue of the Phillipps collection first to William H. Robinson Ltd., 1945, and again to Hans Peter Kraus, Mar. 1978.</marc:subfield>
</marc:datafield>
    <marc:datafield ind1="1" ind2=" " tag="561">
  <marc:subfield code="a">Sold by Hans Peter Kraus, List 204 (1982), no. 74, to John D. Stanitz (Cleveland, Ohio), Ms. 8.</marc:subfield>
</marc:datafield>
    <marc:datafield ind1="1" ind2=" " tag="561">
  <marc:subfield code="a">Acquired by Lawrence J. Schoenberg with other Stanitz manuscripts, Sept. 1997.</marc:subfield>
</marc:datafield>
    <marc:datafield ind1="1" ind2=" " tag="561">
  <marc:subfield code="a">Deposit by Lawrence J. Schoenberg and Barbara Brizdle, 2012.</marc:subfield>
</marc:datafield>
    <marc:datafield ind1=" " ind2=" " tag="590">
  <marc:subfield code="a">Lawrence J. Schoenberg &amp; Barbara Brizdle Manuscript Initiative.</marc:subfield>
</marc:datafield>
    <marc:datafield ind1="1" ind2="0" tag="610">
  <marc:subfield code="a">Rome (Italy).</marc:subfield>
  <marc:subfield code="b">Maestri delle Strade.</marc:subfield>
</marc:datafield>
    <marc:datafield ind1=" " ind2="0" tag="650">
  <marc:subfield code="a">Aqueducts</marc:subfield>
  <marc:subfield code="z">Italy</marc:subfield>
  <marc:subfield code="z">Rome</marc:subfield>
  <marc:subfield code="v">Early works to 1800.</marc:subfield>
</marc:datafield>
    <marc:datafield ind1=" " ind2="0" tag="650">
  <marc:subfield code="a">City planning</marc:subfield>
  <marc:subfield code="z">Italy</marc:subfield>
  <marc:subfield code="z">Rome</marc:subfield>
  <marc:subfield code="v">Early works to 1800.</marc:subfield>
</marc:datafield>
    <marc:datafield ind1=" " ind2="0" tag="651">
  <marc:subfield code="a">Pontine Marshes (Italy)</marc:subfield>
</marc:datafield>
    <marc:datafield ind1=" " ind2="0" tag="651">
  <marc:subfield code="a">Sermoneta (Italy)</marc:subfield>
</marc:datafield>
    <marc:datafield ind1=" " ind2="0" tag="651">
  <marc:subfield code="a">Cisterna di Latina (Italy)</marc:subfield>
</marc:datafield>
    <marc:datafield ind1=" " ind2="7" tag="655">
  <marc:subfield code="a">Codices.</marc:subfield>
  <marc:subfield code="2">aat</marc:subfield>
</marc:datafield>
    <marc:datafield ind1=" " ind2="7" tag="655">
  <marc:subfield code="a">Accounts.</marc:subfield>
  <marc:subfield code="2">aat</marc:subfield>
</marc:datafield>
    <marc:datafield ind1=" " ind2="7" tag="655">
  <marc:subfield code="a">Maps.</marc:subfield>
  <marc:subfield code="2">aat</marc:subfield>
</marc:datafield>
    <marc:datafield ind1=" " ind2="7" tag="655">
  <marc:subfield code="a">Reports.</marc:subfield>
  <marc:subfield code="2">aat</marc:subfield>
</marc:datafield>
    <marc:datafield ind1=" " ind2="4" tag="655">
  <marc:subfield code="a">Finding tabs.</marc:subfield>
</marc:datafield>
    <marc:datafield ind1=" " ind2="4" tag="655">
  <marc:subfield code="a">Hybrid books.</marc:subfield>
</marc:datafield>
    <marc:datafield ind1=" " ind2="0" tag="655">
  <marc:subfield code="a">Manuscripts, Italian</marc:subfield>
  <marc:subfield code="y">16th century.</marc:subfield>
</marc:datafield>
    <marc:datafield ind1=" " ind2="0" tag="655">
  <marc:subfield code="a">Manuscripts, Italian</marc:subfield>
  <marc:subfield code="y">17th century.</marc:subfield>
</marc:datafield>
    <marc:datafield ind1=" " ind2="0" tag="655">
  <marc:subfield code="a">Manuscripts, Italian</marc:subfield>
  <marc:subfield code="y">18th century.</marc:subfield>
</marc:datafield>
    <marc:datafield ind1=" " ind2="0" tag="655">
  <marc:subfield code="a">Manuscripts, Renaissance.</marc:subfield>
</marc:datafield>
    <marc:datafield ind1=" " ind2="0" tag="655">
  <marc:subfield code="a">Manuscripts, European.</marc:subfield>
</marc:datafield>
    <marc:datafield ind1="1" ind2=" " tag="700">
  <marc:subfield code="a">Millini, Pietro,</marc:subfield>
  <marc:subfield code="e">former owner.</marc:subfield>
</marc:datafield>
    <marc:datafield ind1="1" ind2=" " tag="700">
  <marc:subfield code="a">North, Frederick,</marc:subfield>
  <marc:subfield code="c">Earl of Guilford,</marc:subfield>
  <marc:subfield code="d">1766-1827,</marc:subfield>
  <marc:subfield code="e">former owner.</marc:subfield>
</marc:datafield>
    <marc:datafield ind1="1" ind2=" " tag="700">
  <marc:subfield code="a">Phillipps, Thomas,</marc:subfield>
  <marc:subfield code="c">Sir,</marc:subfield>
  <marc:subfield code="d">1792-1872,</marc:subfield>
  <marc:subfield code="e">former owner.</marc:subfield>
</marc:datafield>
    <marc:datafield ind1="1" ind2=" " tag="700">
  <marc:subfield code="a">Stanitz, John D.,</marc:subfield>
  <marc:subfield code="e">former owner.</marc:subfield>
</marc:datafield>
    <marc:datafield ind1="1" ind2="2" tag="700">
  <marc:subfield code="a">Bolognini, Emerico.</marc:subfield>
</marc:datafield>
    <marc:datafield ind1="1" ind2="2" tag="700">
  <marc:subfield code="a">Bufalini, Pietro Andrea.</marc:subfield>
</marc:datafield>
    <marc:datafield ind1="1" ind2="2" tag="700">
  <marc:subfield code="a">Zanoli, Tomasso.</marc:subfield>
</marc:datafield>
    <marc:datafield ind1="1" ind2="2" tag="700">
  <marc:subfield code="a">Cappucini, Giuseppe.</marc:subfield>
</marc:datafield>
    <marc:datafield ind1="1" ind2="2" tag="700">
  <marc:subfield code="a">Lancisi, Giovanni Maria,</marc:subfield>
  <marc:subfield code="d">1654-1720.</marc:subfield>
</marc:datafield>
    <marc:datafield ind1="2" ind2=" " tag="710">
  <marc:subfield code="a">Lawrence J. Schoenberg Collection (University of Pennsylvania)</marc:subfield>
  <marc:subfield code="5">PU</marc:subfield>
</marc:datafield>
    <marc:datafield ind1="0" ind2="0" tag="773">
  <marc:subfield code="t">Lawrence J. Schoenberg Collection (University of Pennsylvania)</marc:subfield>
</marc:datafield>
    <marc:datafield ind1=" " ind2=" " tag="852">
  <marc:subfield code="b">Kislak Center for Special Collections, Rare Books and Manuscripts</marc:subfield>
  <marc:subfield code="a">University of Pennsylvania</marc:subfield>
  <marc:subfield code="e">3420 Walnut Street, Philadelphia, Pennsylvania 19104-6206.</marc:subfield>
  <marc:subfield code="j">LJS 177</marc:subfield>
</marc:datafield>
    <marc:datafield ind1="4" ind2="1" tag="856">
  <marc:subfield code="z">Facsimile</marc:subfield>
  <marc:subfield code="u">http://hdl.library.upenn.edu/1017/d/medren/5827978</marc:subfield>
</marc:datafield>
    <marc:datafield ind1="4" ind2="2" tag="856">
  <marc:subfield code="3">The Lawrence J. Schoenberg and Barbara Brizdle Manuscript Initiative Fund Home Page</marc:subfield>
  <marc:subfield code="u">http://hdl.library.upenn.edu/1017.12/366278</marc:subfield>
</marc:datafield>
    <marc:datafield ind1="4" ind2="1" tag="856">
  <marc:subfield code="z">Digital facsimile for browsing (Colenda)</marc:subfield>
  <marc:subfield code="u">https://colenda.library.upenn.edu/catalog/81431-p3bk16q7m</marc:subfield>
</marc:datafield>
    <marc:datafield ind1="4" ind2="1" tag="856">
  <marc:subfield code="z">Digital facsimile for download (OPenn)</marc:subfield>
  <marc:subfield code="u">https://openn.library.upenn.edu/Data/0001/html/ljs177.html</marc:subfield>
</marc:datafield>
    <marc:datafield ind1=" " ind2=" " tag="994">
  <marc:subfield code="a">C0</marc:subfield>
  <marc:subfield code="b">PAULM</marc:subfield>
</marc:datafield>
    <marc:datafield ind1=" " ind2=" " tag="999">
  <marc:subfield code="a">DLA</marc:subfield>
  <marc:subfield code="b">20140128</marc:subfield>
</marc:datafield>
    <marc:holdings>
      <marc:holding>
        <marc:holding_id>22366660050003681</marc:holding_id>
        <marc:call_number>Oversize LJS 177</marc:call_number>
        <marc:library>KislakCntr</marc:library>
        <marc:location>scmss</marc:location>
      </marc:holding>
    </marc:holdings>
  </marc:record>
</marc:records>
